@article{Vickrey1969-ic,
  title     = {Congestion Theory and Transport Investment},
  author    = {Vickrey, William S},
  journal   = {American Economic Review},
  publisher = {American Economic Association},
  volume    = 59,
  number    = 2,
  pages     = {251--260},
  year      = 1969,
  url       = {http://www.jstor.org/stable/1823678},
  issn      = {0002-8282}
}

@article{daganzo2007urban,
  title     = {Urban gridlock: Macroscopic modeling and mitigation approaches},
  author    = {Daganzo, Carlos F},
  journal   = {Transportation Research Part B: Methodological},
  volume    = {41},
  number    = {1},
  pages     = {49--62},
  year      = {2007},
  publisher = {Elsevier}
}